@inproceedings{Parse,
  title={Exploiting parse structures for native language identification},
  author={Wong, Sze-Meng Jojo and Dras, Mark},
  booktitle={Proceedings of the Conference on Empirical Methods in Natural Language Processing},
  pages={1600--1610},
  year={2011},
  organization={Association for Computational Linguistics}
}

@inproceedings{homemade,
  title={Towards the Automatic Detection of the Source Language of a Literary Translation.},
  author={Lynch, Gerard and Vogel, Carl},
  year={2012}
}

@inproceedings{Stanford,
title={Accurate Unlexicalized Parsing.},
author={Klein, Dan and Manning, Christopher D.},
 booktitle={Proceedings of the 41st Meeting of the Association of Computational Linguistics},
pages={423--430},
year={2003}
}

@article{weka,
title={The WEKA data mining software: an update},
author={Hall, Mark and Frank, Eibe and Holmes, Geoffrey and Pfahringer, Bernhard and Reutemann, Peter and Witten, Ian H.},
journal={ACM SIGKDD Explorations Newsletter},
volume={11},
issue={1},
year={2009},
pages={10-18}
}

@article{trans,
title={A new approach to the study of translationese: Machine-learning the difference between original and translated text.},
author={Baroni, Marco and Bernardini, Silvia},
journal={Literary and Linguistic Computing},
volume={21},
number={3},
year={2006},
pages={259-274}
}

@misc{gutenberg,
      author={Project Gutenberg},
      title ={Free ebooks by Project Gutenberg},
      url ={https://www.gutenberg.org/}
},


@INCOLLECTION{Wiktionary, 

  author = {Meyer, Christian M. and Gurevych, Iryna}, 

  title = {{Wiktionary: A new rival for expert-built lexicons? Exploring the possibilities of collaborative lexicography}}, 

  editor = {Granger, Sylviane and Paquot, Magali}, 

  booktitle = {Electronic Lexicography}, 

  chapter = {13}, 

  pages = {259--291}, 

  publisher = {Oxford: Oxford University Press}, 

  month = {November}, 

  year = {2012}, 

  language = {English}, 

  isbn = {978-0-19-965486-4}, 

  pdf = {https://www.ukp.tu-darmstadt.de/publications/details/?no_cache=1&tx_bibtex_pi1[pub_id]=TUD-CS-2012-0008}, 

  url = {http://www.christian-meyer.org/research/publications/oup-elex2012/} 

} 
